3050 4934
1041 376 1121 423 m
1170 375 1393 424 come.
1437 375 1804 426 ‘rmum-nu.
2227 366 2522 437 cccxcix

390 512 487 565 bus
511 516 565 565 H
588 515 625 578 i,
644 520 711 566 44
775 507 1016 566 numerus
1063 516 1390 582 (institutus)

395 581 432 640 i,
451 585 514 630 14
556 596 588 628 a
603 582 879 645 majoribus
903 582 1309 632 necessitudines
1334 584 1383 632 Ο

391 649 457 694 36
517 645 737 695 traditus
775 644 941 710 (quis)
977 646 1031 707 ii,
1065 647 1156 695 66.“
1190 648 1283 707 xii,
1321 652 1384 697 21

391 710 678 758 victoribus
700 710 791 773 xii,
810 714 875 760 36
901 711 1093 759 tradita
1112 711 1229 760 Tib.
1252 712 1386 776 (inu-

393 772 516 835 lier)
539 773 574 832 i,
596 778 659 823 53
711 774 915 824 traditis
935 775 1039 838 xiV‚
1060 779 1124 825 54
1178 776 1387 826 demere

392 837 550 886 fidem
570 837 624 887 H
647 838 702 899 ii,
720 844 784 889 50

325 902 555 951 Traditio
603 903 832 967 (relatio,
869 903 1173 971 descriptio)
1210 920 1386 970 supre-

395 977 591 1015 morum
615 969 725 1031 xvi,
737 972 802 1018 16

328 1029 571 1081 Traditur
600 1032 886 1098 (proditor)
907 1032 961 1083 H
983 1035 1130 1097 ir,24

328 1093 627 1145 Traducere
648 1096 870 1161 Alpibus
890 1098 1120 1163 legiones
1144 1098 1224 1165 (H
1248 1100 1284 1162 i,
1303 1095 1386 1150 7οζ

394 1160 451 1221 ii,
469 1164 549 1209 66.
591 1162 662 1223 iv,
681 1161 770 1239 68)
813 1164 973 1212 vitam
1013 1162 1067 1213 H
1090 1164 1162 1226 iv,
1182 1167 1246 1213 67
1286 1170 1389 1214 tra-

394 1224 581 1274 ductus
600 1227 802 1289 ingemo
827 1242 918 1277 suo
941 1229 995 1277 H
1017 1229 1055 1289 i,
1078 1234 1107 1276 5
1131 1231 1393 1279 traductae

396 1290 626 1354 legiones
647 1290 697 1338 in
722 1290 895 1357 (quos)
918 1292 972 1342 H
993 1292 1065 1351 iv,
1087 1295 1151 1342 70
1186 1293 1391 1342 traduc-

394 1358 451 1404 ta
472 1352 638 1415 fuere,
680 1356 823 1405 velut
844 1355 897 1405 in
919 1356 1178 1421 triumpho
1215 1358 1306 1421 xii,
1326 1361 1390 1406 36

398 1418 719 1468 traducendo
740 1420 811 1481 iv,
833 1425 896 1469 73

330 1481 594 1533 ‘traduces
616 1483 846 1549 (vitium)
867 1484 922 1534 H
939 1484 994 1545 ii,
1018 1489 1081 1534 25

333 1547 581 1615 Tragicos
602 1548 806 1599 habitus
828 1551 935 1612 xvi,
954 1554 1017 1599 21
1074 1557 1287 1601 ornatus
1307 1566 1395 1615 xv,

333 1675 607 1742 Tragoedia
652 1677 701 1726 Ο
724 1682 755 1726 3
812 1678 1078 1742 tragoediae
1127 1694 1393 1744 argumen-

404 1747 511 1790 tum
557 1742 626 1802 vi,
659 1745 725 1790 29
788 1742 838 1792 0
882 1747 915 1791 2
959 1742 1225 1807 tragoediae
1272 1744 1322 1794 Ο
1362 1748 1392 1793 3

403 1806 768 1867 tragoediarum
791 1807 1031 1857 recitatio
1054 1807 1104 1857 Ο
1126 1812 1185 1856 11

334 1867 618 1931 Tragoedus
640 1868 814 1934 (Piso)
834 1885 924 1933 xv,
945 1876 1008 1921 65

334 1932 564 1983 Trahere
607 1935 924 1996 'involvere‚
967 1950 1139 1986 secum
1185 1936 1397 2002 rapere)

343 1997 350 2002 ’
401 1996 471 2058 iv,
511 2002 577 2048 62
735 1999 788 2063 ii,
832 2004 927 2050 100
992 1999 1278 2050 exercitum
1327 2002 1397 2051 ad

401 2062 618 2113 eandem
648 2079 853 2113 causam
875 2065 911 2125 i,
930 2055 995 2114 36
1050 2066 1306 2129 legionem
1341 2065 1395 2116 H

346 2131 354 2140 '
401 2121 475 2188 iii,
510 2131 576 2176 44
634 2128 849 2178 militem
888 2129 942 2179 H
975 2129 1030 2189 ii,
1066 2134 1131 2179 86
1194 2137 1397 2195 partem

345 2193 350 2200 ’
404 2199 613 2242 senatus
637 2192 692 2243 H
713 2193 766 2255 ii,
789 2198 851 2243 10
902 2195 1142 2245 trahebat
1165 2195 1399 2258 proxima

402 2255 506 2369 (vis
529 2260 798 2322 aquarum)
822 2258 910 2320 xii,
926 2263 989 2308 57
1029 2257 1208 2322 (qnos)
1221 2259 1284 2308 ad
1308 2260 1399 2320 de·

343 2325 352 2340 ⁴
429 2322 680 2374 actionem
705 2323 775 2384 vi,
793 2326 874 2371 36.
910 2323 1003 2384 xii,
1025 2327 1089 2372 39
1132 2322 1399 2388 (classem)

347 2383 352 2390 '
406 2385 473 2435 ad
497 2383 843 2454 defectionem
867 2385 921 2436 H
944 2387 1020 2448 iii,
1039 2391 1102 2436 57
1146 2386 1322 2452 (quos)
1344 2389 1398 2437 in

408 2464 550 2500 arma
572 2450 625 2498 H
650 2449 720 2511 iv,
755 2455 819 2500 56
862 2450 913 2499 in
939 2451 1129 2500 bellum
1153 2451 1207 2513 ii,
1235 2456 1300 2501 52
1326 2452 1399 2501 -in

404 2521 584 2579 partes
625 2515 695 2576 ir,
729 2519 795 2563 60
851 2513 905 2564 Η
941 2516 1014 2576 iii,
1037 2522 1066 2564 5
1126 2521 1321 2566 tractus
1344 2518 1399 2566 in

405 2584 581 2642 partes
619 2578 971 2643 Inguiomerus
1009 2583 1046 2640 i,
1084 2583 1150 2629 60
1193 2580 1259 2629 ad
1296 2581 1399 2630 dis-

405 2642 608 2694 cordias
630 2643 686 2704 ii,
706 2646 771 2692 58
830 2648 1010 2693 tractae
1030 2644 1293 2708 legionesi
1334 2649 1398 2694 31

405 2708 584 2757 trahet
598 2708 785 2757 omissa
806 2708 918 2758 baec
940 2723 1067 2759 cura
1098 2724 1262 2773 remp.
1310 2724 1401 2759 uu-

405 2771 544 2821 ditns
577 2772 774 2837 (secum
800 2774 971 2822 trahet
986 2774 1039 2822 in
1063 2772 1283 2851 ruinam)
1320 2774 1399 2835 iii,

406 2838 471 2886 54
525 2839 672 2886 ruina
712 2839 874 2889 traxit
909 2839 1091 2902 pinnas
1130 2838 1182 2888 H
1220 2839 1296 2902 iii,
1336 2843 1404 2889 29

404 2901 662 2965 pernicies
688 2901 988 2966 Agrippinae
1005 2903 1307 2954 Plancinam
1330 2903 1401 2965 vi,

408 2969 475 3014 26
536 2963 586 3013 vi
624 2981 716 3016 sua
755 2974 945 3016 cuncta
985 2974 1241 3017 tracturus
1276 2968 1313 3029 i,
1336 2972 1399 3018 31

408 3028 684 3079 trabuntur
737 3032 936 3080 roxima
950 3037 1079 3092 xv‚l
1108 3031 1404 3094 ambitione,

409 3093 682 3144 formidine
781 3095 855 3159 iii,
878 3102 940 3145 55
977 3096 1109 3145 amb.
1134 3096 1305 3145 aliena
1327 3096 1402 3159 iii,

407 3162 475 3209 69
538 3155 872 3222 factionibuS,
911 3160 1093 3209 studiis
1129 3158 1177 3207 A
1220 3163 1283 3209 12
1336 3160 1404 3208 ad

349 3225 356 3232 ‘
409 3224 707 3272 mutandam
728 3223 882 3272 fidem
906 3223 960 3273 H
985 3224 1056 3286 iii,
1078 3227 1143 3274 30
1198 3223 1263 3272 ad
1288 3238 1404 3288 per-

409 3287 598 3337 niciem
619 3289 691 3348 xi,
711 3292 777 3337 29
819 3289 871 3337 in
893 3303 1063 3338 casum
1087 3289 1308 3338 eundem
1333 3289 1402 3350 vi,

411 3356 443 3401 7
465 3352 516 3402 in
540 3352 733 3402 crimen
757 3368 846 3415 xv,
866 3356 931 3402 68
965 3353 1016 3401 in
1041 3354 1241 3403 diversa
1259 3352 1313 3402 H
1337 3354 1406 3415 iv,

411 3420 476 3466 80
532 3416 585 3466 in
606 3418 914 3467 sententiam
937 3416 991 3479 ii,
1008 3421 1072 3466 78
1130 3424 1329 3467 tractus
1351 3417 1406 3466 in

413 3495 607 3545 anceps
630 3483 698 3544 iv,
720 3486 782 3532 73
806 3483 858 3530 in
883 3483 1076 3531 bellum
1100 3483 1134 3543 i,
1157 3488 1219 3530 55
1249 3482 1406 3531 tracti

413 3547 562 3594 ruina
597 3545 966 3597 Cheruscorum
996 3546 1115 3596 Fosi
1154 3546 1204 3596 G
1245 3550 1311 3596 36
1352 3547 1405 3594 in

413 3611 690 3672 abruptum
713 3617 928 3672 tractus,
969 3610 1196 3660 amicitia
1217 3610 1405 3664 Galbae

414 3673 471 3723 H
495 3676 531 3736 i,
549 3679 616 3724 48
660 3675 843 3724 tractis
867 3675 955 3739 qui
990 3676 1045 3723 in
1068 3690 1214 3741 aequo
1251 3674 1409 3734 obsti·
1457 3687 1469 3697 “

415 3745 590 3788 terant
612 3738 660 3787 A
684 3744 748 3789 36
817 3741 1024 3789 trabere
1062 3739 1408 3805 (protrahere,

414 3804 689 3852 extrahere
728 3803 780 3851 in
811 3804 1039 3872 longum,
1075 3802 1255 3918 1ιΞΙιιιειῐι)
1297 3804 1408 3867 xiii,

413 3870 520 3916 33-
547 3863 737 3916 bellum
777 3868 886 3931 xiii,
920 3872 984 3917 39
1148 3869 1203 3931 ἰί,
1224 3872 1306 3931 31,
1325 3873 1407 3918 32.

413 3931 491 3993 iii,
534 3936 582 3993 1,
618 3936 668 3991 2,
703 3929 792 3995 56)
846 3933 1028 3986 traben
1070 3934 1085 3981 i
1122 3932 1222 3996 (sc.
1251 3932 1409 3996 belli)

415 4003 557 4046 artes
580 3996 635 4045 H
656 3996 728 4058 ἰν,
751 4000 815 4046 58
840 3999 1044 4046 trabere
1068 3998 1169 4047 iter
1192 3998 1243 4047 H
1267 3998 1321 4058 ii,
1344 4001 1405 4047 85

414 4064 614 4110 tractus
643 4061 703 4110 in
720 4061 926 4125 longum
959 4063 1224 4112 convictus
1249 4063 1353 4124 xiv,
1375 4065 1408 4110 4

416 4131 589 4175 tracta
610 4126 663 4174 in
686 4133 892 4176 noctem
914 4127 1097 4176 laetitia
1119 4128 1176 4189 ii,
1196 4131 1260 4176 65
1306 4132 1410 4175 tra-

416 4188 541 4238 here
575 4203 751 4240 secum
787 4191 1036 4255 conjuges
1071 4191 1257 4257 (ferre,
1318 4190 1410 4240 du·

412 4251 562 4317 cere)
595 4253 706 4320 xiv,
740 4259 803 4307 84
860 4270 1048 4322 corpus
1087 4256 1410 4309 truncum-iu

1528 517 1887 569 (ze-monian—
1900 515 1978 583 lii,
1993 522 2057 570 74
2076 518 2273 585 effigies
2287 523 2343 574 in
2365 523 2521 580 Genu.

1524 582 1601 646 iii,
1624 588 1685 633 14
1744 585 1994 634 invalidos
2014 600 2101 648 xv,
2121 589 2186 635 38
2238 583 2520 639 manum.1·1
2548 633 2553 638 .

1527 662 1579 706 v,
1601 651 1665 696 20
1731 661 1904 697 secum
1926 658 2169 712 nepotem
2191 651 2282 714 xii,
2300 657 2332 702 2
2391 668 2522 716 pup-

1528 726 1641 775 pes,
1680 711 1946 763 trir‘emem
1983 714 2035 763 H
2058 729 2110 776 v,
2131 719 2195 763 22
2238 730 2413 765 saxum
2443 718 2525 776 in?

1529 790 1655 838 gens
1679 777 1733 827 H
1750 777 1821 840 iv,
1841 782 1905 827 53
1934 792 2102 841 senes,
2117 777 2348 828 foeminas
2368 779 2422 829 H
2444 781 2521 843 iii,

1529 843 1593 889 33
1636 842 1865 891 vinctum
1901 842 1955 891 in
1979 843 2033 904 ii,
2054 847 2119 892 40
2165 846 2365 893 vinctos
2388 845 2425 906 i,
2452 851 2522 895 44

1527 906 1824 955 vulneratos
1846 906 1894 955 A
1919 910 1982 955 38
2027 907 2089 956 ad
2115 907 2521 972 disquisitionem
2597 941 2601 946 v

1531 984 1582 1029 ν,
1603 974 1661 1019 11
1718 970 1784 1019 ad
1818 972 1988 1034 ripm
2027 973 2121 1034 xii,
2143 976 2203 1021 51
2269 972 2428 1049 injus
2450 973 2529 1035 iwg

1529 1037 1591 1082 21
1638 1035 1691 1083 ἰιι
1713 1036 1882 1084 lucum
1903 1036 1995 1098 xii,
2018 1040 2082 1085 47
2124 1036 2320 1086 bostem
2341 1052 2394 1087 in
2452 1038 2526 1094 la-

1528 1097 1709 1147 nitiem
1727 1098 1782 1159 ii,
1806 1104 1864 1148 11
1911 1114 2096 1149 navem
2112 1101 2168 1152 in
2189 1101 2354 1163 ripam
2451 1102 2526 1165 iv,

1529 1167 1594 1212 27
1638 1163 1840 1226 praedas
1860 1163 1936 1228 iii,
1948 1167 2030 1214 20.
2054 1165 2126 1226 iv,
2146 1169 2213 1216 48
2248 1164 2448 1234 (quem)
2470 1167 2525 1216 in

1532 1241 1725 1275 summa
1761 1227 1904 1277 navis
1942 1225 1997 1278 H
2022 1244 2071 1289 v,
2094 1232 2127 1279 6
2179 1230 2231 1278 in
2269 1230 2449 1282 urbem
2468 1232 2526 1295 ii,

1533 1295 1615 1340 67.
1640 1292 1710 1354 ir,
1733 1296 1796 1342 27
1815 1292 2021 1342 domum
2043 1293 2114 1353 ir,
2133 1297 2198 1342 69
2221 1294 2354 1343 vires
2376 1308 2529 1345 exer-¹

1533 1356 1669 1406 citus
1693 1357 1759 1405 ad
1783 1358 1972 1407 bellum
1996 1356 2050 1407 H
2072 1359 2128 1420 ii,
2147 1362 2210 1407 57
2238 1358 2423 1410 >trabit
2444 1373 2529 1409 eos

1532 1419 1650 1470 dem
1674 1422 1915 1486 princeps
1936 1422 2049 1483 xiv,
2067 1426 2130 1472 14
2164 1423 2425 1474 trahentes
2447 1423 2534 1488 (iu

1532 1484 1760 1550 vincula)
1780 1485 1819 1548 i,
1838 1490 1900 1536 21
1969 1485 2107 1536 trabi
2128 1488 2333 1550 agmina
2354 1503 2442 1551 xv,
2462 1493 2529 1540 58

1533 1549 1873 1600 trahebantur
1910 1549 2060 1601 simul
2102 1552 2346 1616 conjuges
2383 1553 2422 1614 i,
2454 1555 2532 1602 40

1534 1613 1802 1668 damnatus
1825 1615 1898 1676 iv,
1918 1620 1984 1664 70
2028 1615 2250 1666 foeminae
2284 1618 2336 1665 in
2360 1616 2529 1667 socios

1531 1677 1609 1739 iii,
1630 1682 1693 1727 33
1752 1678 2003 1742 compede
2025 1682 2118 1742 xii,
2140 1685 2202 1731 47
2264 1680 2417 1730 modo
2437 1695 2531 1757 pe-

1534 1756 1711 1792 corum
1746 1742 1819 1805 iv,
1841 1748 1902 1792 25
1961 1745 2210 1795 violentia
2244 1745 2531 1802 militariH

1533 1806 1609 1868 iii,
1640 1811 1706 1857 49
1759 1814 1818 1856 ut
1852 1808 2046 1858 conscii
2077 1808 2181 1871 xvi,
2215 1812 2246 1856 8
2296 1809 2362 1859 ad
2382 1810 2530 1862 littus

1535 1870 1816 1934 (bitumen)
1850 1871 1904 1922 H
1941 1886 1992 1934 v,
2030 1878 2063 1922 6
2105 1871 2172 1921 ad
2206 1881 2438 1938 stuprum
2474 1874 2532 1923 H

1536 1934 1609 1997 iv,
1624 1939 1685 1985 14
1740 1936 1806 1986 ad
1821 1937 2132 2001 supplicium
2153 1939 2226 2000 xi,
2246 1940 2308 1988 ⁸6
2353 1938 2421 1988 ad
2441 1952 2532 1991 ox-

1536 1999 1725 2049 cidium
1762 2000 1988 2051 civitatis
2008 2001 2062 2052 H
2086 2003 2155 2064 iv,
2176 2006 2239 2052 63
2291 2003 2343 2052 in
2367 2010 2533 2053 terras

1538 2064 1765 2113 diversas
1787 2065 1826 2127 i,
1844 2070 1905 2115 17
1910 2102 1924 2116 .
1942 2066 2014 2127 iv,
2033 2071 2100 2116 46
2139 2067 2194 2114 in
2216 2065 2443 2117 Tiberim
2459 2066 2532 2130 vi,

1540 2133 1605 2178 19
1661 2142 1760 2193 quo
1780 2145 1832 2188 V,
1867 2134 1903 2179 9
1946 2136 2144 2180 tractus
2177 2130 2242 2179 ad
2274 2130 2539 2188 Cesarem·
2624 2131 2637 2143 '

1538 2193 1611 2256 iv,
1633 2197 1697 2243 22
1756 2195 1808 2242 in
1846 2198 2110 2244 carcerem
2135 2196 2207 2257 iv,
2227 2198 2294 2245 68
2348 2201 2534 2246 tracta

1538 2271 1697 2307 naves
1721 2273 1752 2307 a
1772 2259 2103 2309 validioribus
2125 2260 2183 2321 ii,
2204 2263 2269 2309 24
2322 2260 2536 2310 trabere

1536 2323 1590 2371 vi
1651 2320 1843 2372 flumen
1888 2323 1982 2389 (ad
2026 2339 2083 2373 se
2122 2337 2326 2388 rapere,
2369 2324 2539 2374 vindi-⁸

1539 2384 1688 2448 care)
1710 2386 1818 2449 xiii,
1838 2392 1901 2437 57
1967 2388 2104 2437 dona
2138 2387 2444 2452 templorum
2479 2387 2535 2442 Η

1539 2449 1615 2511 iii,
1639 2454 1701 2499 33
1757 2452 1974 2516 gloriam
1998 2453 2050 2500 in
2071 2467 2126 2502 sc
2149 2453 2205 2516 ii,
2227 2458 2292 2503 46
2334 2453 2389 2502 Η
2411 2454 2447 2515 i,
2466 2456 2540 2502 79·

1539 2515 1761 2591 gratiam
1785 2516 1880 2565 sibi
1902 2516 1977 2578 iii,
1996 2521 2061 2565 53
2118 2519 2172 2565 in
2189 2531 2247 2574 se
2270 2523 2461 2566 cuncta
2479 2516 2540 2574 If

1539 2595 1611 2642 iv,
1636 2585 1695 2629 ll
1742 2580 1792 2628 in
1817 2594 1873 2627 se
1893 2581 2068 2630 munia
2089 2582 2123 2644 i,
2142 2585 2191 2630 2.
2236 2581 2354 2654 ³52⁶
2399 2585 2537 2630 trac-

1539 2650 1687 2692 turus
1709 2645 1954 2721 conjuges
1976 2644 2123 2694 miles
2141 2645 2195 2706 ii,
2219 2649 2281 2696 13
2329 2644 2537 2696 trabere

1538 2708 1639 2756 huc
1662 2707 1785 2756 illuc
1807 2709 2296 2771 interpretationem
2329 2708 2383 2758 H
2411 2709 2485 2771 iii,
2505 2713 2537 2758 3
2576 2717 2579 2720 ’

1539 2772 1746 2821 trabere
1815 2772 2253 2838 (interpretando,
2308 2779 2399 2823 aut
2453 2788 2537 2822 ac-

1478 2833 1486 2839 ’
1542 2835 1911 2886 commodando
1956 2838 2269 2902 perducere)
2313 2838 2377 2887 ad
2434 2839 2538 2890 cie·
2635 2837 2644 2853 ⁶

1542 2902 1785 2951 meutiam
1820 2902 1993 2966 (quid)
2012 2904 2104 2964 xii,
2125 2906 2188 2952 52
2244 2902 2311 2956 ad
2331 2903 2542 2966 wulpam

1543 2964 1761 3015 fortuita
1780 2966 1851 3029 iv,
1869 2971 1934 3015 64
1989 2966 2054 3025 ad
2079 2966 2427 3018 defensionem
2447 2982 2538 3028 xv,

1543 3035 1607 3079 67
1642 3030 1707 3078 ad
1730 3028 1993 3079 infamiam
2014 3029 2105 3089 xii,
2125 3034 2159 3079 4
2197 3031 2263 3084 ad
2286 3031 2539 3082 saevitiam

1543 3094 1618 3156 iii,
1637 3098 1702 3143 22
1746 3093 1812 3142 ad
1834 3108 1999 3157 spem,
2039 3100 2233 3144 metum
2256 3094 2364 3152 xiv,
2381 3098 2444 3143 32
2472 3094 2540 3143 ·iu

1544 3158 1770 3207 deterius
1793 3158 1830 3219 i,
1853 3160 1918 3208 62
1946 3158 2003 3207 Η
2025 3158 2083 3220 ii,
2101 3163 2164 3207 52
2201 3159 2252 3208 in
2273 3158 2540 3209 metum-H

1544 3238 1595 3282 v,
1620 3227 1680 3272 13
1724 3224 1778 3271 in
1801 3223 2129 3274 occasionem
2144 3223 2281 3274 mala
2302 3237 2351 3284 v,
2373 3226 2403 3271 3
2457 3237 2542 3282 su·

1542 3286 1777 3350 perbiam
1799 3285 1853 3335 H
1876 3287 2021 3348 ἰί,20
2072 3287 2344 3342 trabebant
2384 3288 2543 3350 varie,

1546 3365 1654 3400 cur.
1678 3351 1714 3413 i,
1737 3354 1802 3400 76
1844 3351 1896 3400 in
1919 3350 2233 3408 contrarium
2251 3351 2362 3414 xiii,
2380 3355 2445 3400 47
2473 3352 2542 3402 ad

1543 3415 1846 3479 auspicium,
1885 3416 2193 3480 praesagium
2234 3430 2323 3479 xv,
2360 3420 2423 3465 74
2472 3416 2542 3464 in

1545 3481 1749 3528 laudem
1803 3479 1879 3543 iii,
1904 3487 1909 3490 “
1932 3485 1997 3532 37
2114 3480 2317 3536 trabere
2382 3493 2544 3544 pagos

1546 3544 1748 3609 (agere,
1771 3542 1982 3609 rapere)
1997 3545 2071 3608 iii,
2089 3549 2154 3595 74
2192 3544 2247 3594 H
2267 3545 2321 3606 ii,
2340 3548 2401 3593 61
2440 3553 2544 3596 tra-

1545 3609 1671 3659 here
1704 3606 1905 3675 (quem)
1948 3610 2016 3659 ad
2046 3624 2191 3673 spem
2224 3610 2320 3674 (im
2360 3607 2546 3673 ellere)

1546 3674 1639 3735 xii,
1657 3678 1723 3723 44
1787 3674 1997 3723 trahere
2038 3674 2175 3726 diem
2212 3673 2296 3724 edi
2400 3673 2554 3724 tiani-

1547 3738 1660 3802 bus,
1702 3744 1908 3787 noctem
1932 3738 2180 3790 conviviis
2200 3738 2547 3800 (consumere,

1483 3851 1492 3858 ,
1548 3802 1769 3865 ducere)
1791 3801 1867 3865 iii,
1887 3806 1951 3852 37
1970 3808 2176 3852 noctem
2201 3815 2297 3866 per
2318 3802 2545 3854 vinolen-

1551 3867 1677 3916 tiam
1699 3867 1808 3930 xiii,
1836 3871 1900 3916 20
1957 3868 2165 3917 trahere
2187 3866 2404 3916 animam
2427 3878 2542 3928 pre-

1550 3933 1737 3981 cariam
1766 3932 1802 3994 i,
1824 3936 1894 3981 42
1955 3932 2117 3981 vitam
2137 3931 2336 3994 longius
2355 3930 2462 3990 xiv,
2474 3933 2545 3979 48

1499 4049 1508 4058 Ι
1552 3996 1711 4045 otium
1734 3996 1787 4044 H
1811 3996 1881 4059 iv,
1899 4000 1964 4045 70
2028 3995 2182 4045 fidem
2206 4010 2271 4044 ex
2296 4008 2358 4048 eo
2398 3994 2548 4049 <hau-

1550 4061 1680 4125 rire)
1702 4062 1768 4120 vi,
1791 4066 1854 4109 30
1890 4058 2144 4110 flammam
2167 4059 2220 4110 H
2239 4059 2314 4121 iii,
2333 4063 2396 4109 71
2417 4060 2545 4110 mul·

1551 4132 1659 4175 tum
1691 4139 1765 4174 ex
1801 4124 2024 4174 moribus
2048 4124 2097 4174 G
2116 4128 2184 4174 46
2226 4124 2442 4176 multum
2476 4139 2543 4172 ex

1553 4205 1675 4239 vero
1691 4191 1778 4248 inv,
1810 4194 1874 4239 68
1918 4190 2166 4253 originem
2191 4190 2278 4251 αἱ,
2314 4192 2396 4239 18.
2433 4189 2544 4246 xiii,

1550 4259 1614 4306 27
1663 4254 2032 4307 misericordioe
2068 4253 2343 4320 plurimum
2384 4252 2459 4318 ii‚.
2479 4255 2548 4320 43·
