3050 4934
1067 418 1152 475 IN
1200 420 1423 475 CORN-
1468 423 1836 477 vAclvvu.

440 562 729 623 custodiam
748 561 941 615 babere
961 564 1015 614 H
1036 564 1074 628 i,
1092 570 1155 615 87
1210 567 1263 616 iu
1282 568 1425 618 dete-

439 630 546 677 rius
568 629 622 677 H
645 628 718 689 iii,
741 633 803 677 13
850 629 1032 691 augeri
1052 631 1108 691 ii,
1130 634 1195 680 82
1248 633 1425 681 audita

365 738 377 749 ,
439 692 503 741 Η
517 693 590 753 iv,
609 697 673 742 68
707 693 759 740 in
780 693 924 740 illum
942 693 1079 742 diem
1095 693 1145 742 A
1166 699 1232 743 20
1265 697 1319 743 in
1336 696 1424 743 dos

438 757 628 804 minum
663 755 782 819 (pro
805 756 1036 866 domino)
1068 758 1124 820 ii,
1146 761 1211 806 39
1261 760 1314 807 in
1339 774 1426 807 ex-

365 860 370 865 .
437 825 658 882 tremum
681 820 786 878 xiv,
806 824 867 867 61
918 821 972 867 in
1017 835 1199 884 amam,
1240 823 1291 870 in
1316 838 1426 871 rem

437 881 645 939 videtur
666 882 719 933 H
743 883 814 943 iii,
834 888 865 932 8
913 883 967 931 in
988 882 1232 946 frontem,
1269 887 1321 933 in
1354 888 1428 936 la«

437 952 555 993 tera
575 961 805 1008 pugnare
827 945 877 994 A
899 951 961 995 35
1004 948 1058 996 in
1080 949 1289 1012 longum
1321 964 1427 999 me⁴

434 1010 599 1059 moria
614 1025 665 1069 v,
683 1014 715 1057 2
748 1009 800 1057 in
820 1011 1028 1073 longum
1044 1013 1177 1073 (scil.
1196 1011 1427 1126 tempugz

434 1071 510 1136 xi,
530 1076 595 1121 20
642 1074 699 1120 in
721 1073 883 1135 majus
905 1074 959 1122 H
981 1075 1055 1134 iii,
1076 1080 1157 1123 38-
1182 1077 1350 1139 accipi

433 1134 512 1196 iii,
534 1141 564 1184 7
597 1136 653 1183 in
674 1147 854 1185 manus
877 1138 1052 1186 venire
1074 1139 1132 1200 ii,
1154 1144 1218 1187 80
1249 1142 1303 1188 in
1321 1155 1425 1190 me-

434 1197 576 1246 dium
620 1200 915 1263 relinquere
955 1201 1004 1253 G
1027 1206 1091 1251 46
1145 1204 1200 1251 in
1242 1205 1425 1257 melius

434 1264 702 1323 consulere
724 1264 778 1312 H
799 1264 854 1327 ii,
878 1270 907 1312 5
957 1267 1250 1316 consultare
1291 1268 1346 1317 H
1370 1268 1427 1330 ii,

433 1328 501 1374 37
553 1327 607 1374 in
630 1328 923 1376 mercedem
959 1329 1031 1392 xi,
1054 1335 1087 1379 6
1145 1331 1199 1379 iu
1232 1338 1426 1381 metum

428 1387 609 1454 (quid)
646 1392 851 1440 trahere
875 1392 929 1440 H
953 1398 1089 1453 v‚-13
1143 1395 1196 1442 in
1218 1396 1426 1445 meridi-

434 1468 519 1503 em
534 1452 584 1501 A
609 1459 671 1503 10
704 1455 757 1503 iu
779 1456 982 1505 mollius
1001 1457 1108 1521 xiv,
1128 1461 1194 1506 39
1241 1460 1294 1507 iu
1316 1474 1422 1508 mo-

431 1531 544 1567 rem
567 1520 763 1582 regium
785 1520 838 1568 H
864 1519 996 1582 ἱῐ,70
1029 1520 1084 1569 in
1106 1527 1323 1573 mortem
1349 1522 1422 1571 af-

433 1579 590 1631 ficere
606 1583 676 1644 iv,
694 1588 757 1632 63
780 1583 836 1630 in
851 1582 1064 1633 munera
1082 1585 1131 1635 G
1155 1591 1216 1635 18
1249 1587 1302 1635 in
1320 1601 1424 1636 om-

433 1659 527 1695 nes
563 1645 848 1710 (omnibns)
883 1648 925 1709 i,
946 1652 1010 1697 78
1062 1650 1116 1697 in
1158 1656 1421 1713 posterum

432 1704 515 1773 (H
536 1710 572 1771 i,
592 1715 643 1769 8,
664 1715 749 1771 44,
767 1715 848 1760 87.
896 1711 966 1772 iv,
991 1710 1078 1776 17)
1111 1714 1164 1762 in
1189 1720 1422 1777 posteros

378 1801 382 1805 .
432 1773 508 1833 xi,
529 1778 560 1822 6
615 1774 668 1821 in
694 1788 927 1837 praeceps
951 1776 1131 1838 jacere
1172 1779 1243 1842 vi,
1261 1781 1328 1827 49
1370 1779 1425 1826 in

437 1851 668 1899 praesens
705 1838 842 1902 (scil.
866 1839 1095 1903 tempus)
1117 1842 1153 1904 i,
1169 1845 1220 1892 4.
1268 1843 1340 1904 xi,
1360 1846 1423 1891 15

367 1944 372 1949 .
436 1901 495 1949 H
516 1901 671 1965 iv,·17
705 1903 758 1950 in
773 1903 1162 1964 praesentiarum
1183 1905 1255 1967 iv,
1274 1910 1340 1955 59
1371 1907 1426 1955 in

435 1967 765 2028 praeteritum
789 1966 862 2028 xi,
881 1971 962 2015 30.
996 1968 1107 2029 xiii,
1131 1973 1193 2018 14
1224 1971 1279 2018 in
1309 1985 1425 2033 pre-

433 2043 555 2078 vum
578 2031 743 2093 elapsi
765 2036 909 2080 artus
928 2031 984 2080 H
1004 2030 1076 2093 iv,
1099 2037 1161 2081 81
1196 2035 1250 2083 in
1261 2035 1427 2097 publi-

433 2107 552 2143 cum
571 2092 830 2158 (publico)
850 2096 907 2156 ii,
928 2099 1012 2145 48.
1043 2096 1136 2158 xii,
1154 2101 1201 2147 8.
1234 2098 1425 2160 xiii,56

434 2157 488 2207 G
508 2162 569 2207 21
603 2159 657 2206 in
680 2159 821 2222 publ.
843 2166 899 2209 et
919 2160 972 2208 in
994 2175 1267 2211 commuue
1290 2161 1339 2211 Ο
1359 2167 1425 2211 26

432 2221 489 2283 iu
532 2224 772 2287 qua'mum
811 2224 924 2285 xiii,
967 2228 1049 2273 54.
1102 2226 1209 2287 ιίν,
1251 2229 1316 2275 47
1369 2227 1425 2277 in

436 2293 684 2350 quantum
706 2302 835 2350 opus
861 2295 941 2337 cst
978 2289 1027 2338 Ο
1049 2292 1113 2339 41
1161 2290 1215 2337 in
1238 2290 1424 2338 Roma-

434 2364 529 2399 nos
549 2351 602 2413 ii,
626 2356 687 2399 18
739 2353 791 2400 in
814 2352 1041 2415 speciem
1065 2366 1279 2402 manens
1300 2353 1424 2402 ami-

433 2413 561 2463 citia
585 2414 640 2464 H
661 2414 732 2475 iv,
753 2419 817 2463 80
870 2417 922 2464 in
955 2421 1157 2465 tantum
1179 2417 1230 2465 G
1252 2421 1315 2465 45
1374 2417 1423 2466 0

431 2477 501 2526 24
531 2478 585 2527 in
606 2484 811 2541 tempus
828 2478 867 2539 i,
890 2483 936 2527 1.
963 2479 1119 2542 ‚vi,.11
1154 2477 1426 2542 suffugium

429 2541 509 2601 iv,
530 2545 598 2589 66
629 2541 683 2588 in
706 2547 869 2604 temp.
891 2541 965 2606 (h.
985 2557 1144 2604 e.pro
1165 2542 1427 2607 tempore)

434 2603 474 2665 i,
495 2607 559 2653 37
591 2604 645 2661 iii
666 2605 957 2653 universum
979 2606 1015 2667 i,
1038 2610 1100 2655 12
1143 2607 1193 2655 G
1209 2612 1237 2656 5
1289 2607 1427 2657 aesti-

435 2667 602 2717 manti
626 2668 676 2717 G
698 2673 731 2717 6
781 2667 831 2716 Α
856 2672 916 2719 11
970 2668 1023 2717 in
1057 2684 1210 2721 unum
1234 2673 1425 2721 condu-

435 2745 557 2781 cere
577 2732 754 2796 copias
775 2731 831 2793 ii,
853 2738 917 2781 52
972 2732 1026 2780 in
1047 2735 1229 2796 vulgus
1268 2734 1344 2799 (h.
1379 2751 1426 2785 e.

432 2795 616 2861 vulgo)
635 2797 674 2858 i,
695 2800 780 2858 28,
810 2801 892 2845 76.
936 2796 993 2858 ii,
1025 2802 1108 2847 59.
1158 2799 1228 2858 vi,
1247 2803 1310 2846 45
1344 2798 1426 2861 (Η

434 2858 475 2922 i,
498 2864 578 2910 86.
637 2860 693 2923 ii,
712 2864 796 2923 26,
816 2864 908 2911 93.·
960 2861 1037 2923 iii,
1058 2859 1148 2925 83)
1201 2863 1255 2911 in
1278 2876 1321 2911 ae
1360 2877 1425 2912 uo

434 2923 492 2986 ii,
507 2928 573 2974 44
604 2925 660 2973 in
679 2932 864 2987 aperto
886 2940 997 2975 esse
1017 2925 1067 2974 A
1091 2931 1117 2974 1
1152 2925 1207 2975 in
1227 2877 1424 2976 conges-

436 3000 496 3037 so
519 3002 633 3037 esse
675 2988 724 3037 Ο
747 2992 830 3051 25,
857 2994 921 3038 27
965 2989 1020 3037 in
1053 2991 1427 3040 consuetudine

438 3064 555 3100 esse
578 3050 627 3100 Ο
643 3056 707 3101 32
755 3053 808 3100 in
829 3051 969 3103 fama
990 3054 1044 3102 H
1064 3055 1139 3115 iii,
1160 3059 1222 3103 13
1277 3055 1332 3102 in
1354 3055 1429 3103 in·

438 3123 584 3165 certo
603 3114 905 3180 (incertum)
926 3118 1134 3179 esseni,
1155 3122 1221 3165 56
1273 3118 1326 3166 H
1359 3118 1429 3180 iv,

439 3182 505 3228 86
535 3178 653 3243 (pro
696 3179 961 3241 dubitare)
994 3194 1082 3241 xv,
1126 3184 1191 3228 36
1251 3180 1429 3228 haberi

439 3256 527 3303 xv,
548 3247 610 3291 17
641 3243 695 3291 in
716 3243 824 3290 levi
847 3243 1077 3291 habitum
1103 3242 1179 3303 iii,
1201 3247 1275 3293 54,
1300 3245 1352 3292 Η
1375 3244 1429 3305 ii,

439 3310 502 3356 21
536 3305 590 3354 in
613 3320 764 3355 manu
787 3320 902 3354 esse
922 3305 983 3368 ii,
1001 3310 1067 3355 46
1119 3306 1171 3354 in
1198 3321 1351 3356 manu
1374 3314 1429 3356 et

442 3369 597 3418 armis
630 3368 803 3418 omnia
822 3368 872 3418 A
890 3373 956 3418 33
998 3371 1050 3419 in
1071 3371 1245 3420 medio
1278 3372 1331 3420 H
1356 3372 1429 3434 iii,

415 3430 507 3482 “19
538 3433 593 3482 in
615 3433 833 3485 obscuro
852 3434 1035 3488 esseH
1052 3433 1127 3496 iii,
1139 3439 1203 3483 32
1234 3435 1288 3484 in
1311 3434 1430 3485 ocu-

435 3497 506 3550 lis
528 3503 608 3546 est
627 3497 802 3546 clades
820 3498 873 3546 H
896 3498 966 3559 iv,
987 3502 1050 3547 77
1103 3497 1158 3550 in
1179 3500 1422 3562 orevulgi

439 3561 497 3611 H
519 3561 573 3624 ii,
588 3564 653 3609 78
684 3562 738 3609 in
762 3575 1009 3625 suspenso
1031 3563 1282 3611 tenereH
1305 3564 1341 3624 i,
1365 3568 1429 3613 78

439 3624 495 3673 in
518 3632 751 3687 tempore
773 3626 813 3687 i,
836 3629 918 3687 19,
940 3630 1023 3674 58.
1054 3626 1128 3688 iii,
1147 3630 1226 3675 41.
1260 3627 1331 3688 vi,
1344 3630 1426 3676 22.

439 3688 538 3751 xii,
556 3692 641 3751 46,
663 3693 727 3736 50
780 3689 835 3738 in
856 3689 1154 3752 virtutibus,
1177 3690 1315 3739 vitiis
1336 3705 1430 3740 nu-

440 3753 635 3803 merari
657 3751 706 3813 O
723 3756 783 3801 31

377 3817 659 3868 Inaccessa
677 3816 952 3880 mapalium
970 3816 1024 3865 H
1047 3818 1119 3879 iv,
1141 3822 1204 3866 50

376 3881 652 3941 Ineccesso
675 3881 870 3939 vertice
890 3879 1101 3942 Alpium
1120 3881 1171 3930 G
1194 3885 1223 3928 1

378 3944 724 4009 Inaequulibus
745 3942 872 3993 locis
897 3944 943 3994 A
967 3947 1060 3992 36.

375 4008 715 4073 Inaequaliter
731 4007 785 4071 ii,
803 4013 865 4057 16

379 4071 548 4123 Inane
565 4085 752 4121 nomen
786 4072 854 4136 vi,
871 4075 934 4120 43
987 4071 1252 4135 praemium
1272 4070 1349 4134 iii,
1368 4074 1431 4121 47

443 4142 825 4185 sacramentum
856 4135 911 4184 H
952 4135 989 4197 i,
1011 4140 1077 4185 56
1126 4136 1288 4185 solum
1325 4135 1435 4197 xiii,

447 4203 512 4247 55
561 4199 839 4315 ιιιέιῦείᾶίιιω
858 4204 1129 4257 ventorum
1159 4212 1434 4252 remorum·

450 4275 550 4327 que
566 4263 579 4276 ‘
603 4298 622 4330 ,
644 4267 706 4316 15
773 4286 776 4293 ν

2264 406 2561 491 clxxxix

1498 566 1717 618 Inonem
1741 567 1810 629 vi,'
1829 569 1894 616 34
1926 564 2150 616 animum
2174 566 2228 627 H
2250 567 2323 632 iv,
2341 573 2408 618 39
2440 574 2555 620 'cre’-

1562 631 1841 680 'dulitatem
1876 631 1933 692 ii,
1952 634 2018 679 40
2084 630 2271 680 famam
2305 634 2358 682 H
2397 634 2467 697 iv,
2491 638 2551 683 11

1562 695 1768 744 laudem
1793 694 1843 744 Ο
1861 692 1895 742 9
1945 699 2141 743 metum
2164 695 2275 759 xiii,
2288 700 2352 745 47
2406 711 2553 760 spem

1563 773 1651 819 xit,
1672 762 1735 806 53
2152 794 2164 810 s

1498 820 1690 869 Inanes
1735 828 1791 870 et
1824 822 1998 871 irritas
2037 820 2349 871 offensiones
2392 823 2467 887 iii,
2489 827 2553 874 54

1563 885 1729 935 urinas
1751 885 1856 943 εἰν,
1883 890 1948 935 36
1985 899 2138 935 voces
2162 886 2212 939 Ο
2234 890 2266 934 9

1499 945 1652 997 Inani
1675 948 1864 998 auxilio
1885 950 1939 998 H
1962 949 2017 1009 ii,
2038 953 2101 997 16
2131 947 2314 998 favore
2334 948 2426 1025 (ob
2448 949 2555 998 ins-

1565 1013 1655 1060 uia
1677 1018 1733 1060 et
1757 1010 1910 1076 vana)
1933 1012 1987 1060 H
2011 1013 2065 1074 ii,
2086 1016 2152 1062 30
2173 1013 2464 1075 jactatione
2499 1014 2557 1062 li-

1565 1075 1784 1129 bertatis
1796 1076 1985 1124 famam
1997 1074 2259 1141 fatumque
2271 1090 2555 1140 provocare

1565 1137 1615 1186 A
1637 1143 1702 1187 42
1734 1141 1935 1188 nomine
1958 1140 2147 1189 ducum
2181 1140 2364 1190 alienae
2385 1141 2552 1202 culpae

1565 1204 1823 1264 praetendi
1841 1204 1895 1251 H
1917 1204 1972 1265 ii,
1995 1208 2060 1254 39
2090 1217 2185 1267 spe
2204 1204 2308 1269 xvi,
2328 1207 2358 1252 3
2392 1210 2551 1255 teme·

1564 1267 1724 1315 ritate
1747 1267 1801 1315 H
1823 1268 1895 1330 iv,
1918 1272 1985 1316 29

1493 1327 1682 1383 luania
1702 1330 1778 1391 iii,
1799 1335 1862 1379 13
1916 1332 1970 1380 Η
2008 1345 2061 1393 ν,
2077 1335 2110 1380 7
2163 1344 2351 1381 arcuna
2371 1328 2426 1379 H
2446 1344 2497 1393 ν,
2518 1334 2553 1379 9

1564 1384 1762 1443 beni'H
1784 1394 1838 1457 ii,
1858 1398 1925 1443 so
1974 1399 2030 1443 et
2049 1393 2184 1443 falsa
2203 1396 2280 1454 iii,
2303 1399 2353 1444 s.
2391 1394 2496 1456 xvi,
2519 1397 2553 1442 s

1509 1504 1518 1509 -
1564 1462 1620 1506 et
1640 1455 1782 1506 fluxa
1800 1458 1874 1520 iii,
1895 1462 1960 1506 50
1991 1458 2141 1507 famoe
2164 1459 2219 1521 ii,
2237 1463 2304 1507 76
2344 1457 2553 1506 honoris

1561 1520 1612 1568 A
1637 1525 1669 1569 6
1714 1522 1916 1570 nomina
1937 1523 2197 1585 legionum
2214 1523 2269 1570 H
2288 1522 2358 1583 iv,
2378 1525 2438 1570 14
2492 1534 2552 1570 re

1561 1584 1598 1643 i,
1619 1588 1700 1633 81·
1735 1584 1903 1649 (sunt)
1925 1586 2197 1635 clementia
2219 1592 2276 1634 et
2298 1585 2463 1647 gloria
2494 1582 2552 1633 H

1561 1647 1638 1709 iii,
1662 1652 1723 1697 19
1770 1649 1969 1711 templu
2002 1649 2057 1698 H
2077 1650 2154 1712 iii,
2174 1653 2237 1698 33
2286 1648 2549 1697 transmit-

1561 1716 1744 1760 tuntur
1764 1726 1853 1774 xv,
1875 1716 1937 1761 31
2088 1748 2097 1753 -

1497 1774 1748 1825 Inanibns
1770 1776 1883 1838 xiii,
1897 1779 1964 1824 49
2010 1774 2170 1825 facilis
2190 1776 2246 1838 ii,
2264 1778 2330 1824 27
2363 1775 2548 1827 studiis

1563 1839 1620 1889 H
1654 1840 1691 1902 i,
1714 1842 1777 1888 32
1830 1837 2006 1905 (opp.)
2047 1853 2172 1889 vera
2207 1839 2449 1903 potentia
2477 1839 2549 1901 iv,

1496 1965 1735 2018 lumime
1753 1968 1824 2030 iv,
1837 1971 1903 2017 69
1932 1972 1991 2016 et
2009 1971 2153 2032 muts
2173 1967 2228 2016 H
2248 1966 2286 2028 i,
2307 1970 2371 2017 84
2420 1980 2427 1987 ·

1497 2029 1734 2144 Inafflum
1773 2046 1892 2095 spes
1935 2046 1987 2097 ν,
2021 2035 2083 2080 10
2131 2031 2306 2094 specie
2347 2029 2547 2080 validus

1561 2108 1598 2145 x
1617 2095 1648 2108 ..
1690 2098 1721 2144 8
2538 2108 2547 2114 ,

1497 2131 1835 2208 Inard'escere
1858 2157 2101 2221 cupidine
2131 2157 2376 2210 vindicta
2398 2156 2469 2221 vi,
2483 2159 2552 2206 32
2594 2220 2597 2227 ι

1497 2221 1797 2279 Inaruerint
1818 2223 1872 2272 H
1895 2238 1946 2285 v,
1967 2228 2002 2271 6

1497 2284 1742 2336 Inauditu
1758 2300 1850 2336 rea
1868 2287 1960 2347 xii,
1980 2290 2047 2336 22

1497 2348 1770 2400 Iuauditas
1793 2349 2024 2399 volucres
2041 2350 2096 2413 ii,
2115 2352 2181 2400 24

1501 2413 1733 2462 1ηαιιᾱίῐί
1778 2417 2020 2478 tanquam
2064 2413 2364 2464 innocentes
2397 2427 2545 2476 pere-
2620 2426 2639 2439 ²

1562 2483 1659 2526 unt
1678 2477 1733 2527 H
1755 2477 1791 2538 i,
1811 2482 1844 2526 6

1498 2539 1740 2591 Inaudito
1760 2539 1869 2590 filio
1889 2541 1962 2600 iv,
1984 2532 2042 2590 1‘1

1499 2605 1795 2654 Insuditum
1816 2605 1871 2667 ii,
1892 2609 1974 2655 77.
2025 2619 2079 2666 ν,
2094 2609 2130 2655 9
2179 2604 2397 2655 exitium
2419 2599 2552 2667 nii,

1566 2674 1629 2718 10
1662 2669 1909 2719 saeculum
1929 2669 1980 2718 Ο
2001 2673 2065 2717 16

1500 2731 1744 2781 Inausum
1763 2731 1883 2795 quid
1902 2732 2048 2781 vobis
2066 2731 2102 2796 i,
2121 2735 2188 2781 42

1499 2797 1792 2861 Incalescat
1807 2795 1858 2846 G
1878 2799 1951 2844 22

1499 2860 1892 2910 Incalescerent
1914 2859 1968 2908 H
1988 2858 2064 2924 iii,
2086 2863 2152 2910 32

1499 2924 1848 2975 Incalesceret
1871 2923 2017 2973 Nero
2035 2925 2141 2985 xiV,
2163 2929 2190 2976 1

1499 2988 1781 3038 Incalescit
1803 2988 1851 3037 Ο
1874 2992 1938 3038 22

1501 3051 1763 3101 Incalidus
1782 3051 2010 3101 vitandae
2033 3050 2337 3114 suspicionis
2359 3050 2432 3116 iii,
2452 3055 2486 3099 8

1500 3115 1800 3164 Incaluerat
1823 3114 1941 3163 vino
1965 3115 2019 3162 H
2039 3114 2107 3173 iv,
2127 3118 2192 3163 29

1501 3178 1786 3228 Incaluisse
1808 3184 1981 3238 nocte,
2001 3178 2187 3226 laetitia
2199 3175 2254 3225 H
2267 3175 2339 3239 iv,
2357 3178 2422 3227 14

1501 3242 1815 3302 Incaluisset
1834 3242 1953 3288 vino
1973 3240 2047 3303 xi,
2065 3245 2129 3289 37
2505 3252 2515 3256 “

1501 3305 1764 3354 Incassum
1790 3303 2044 3351 disserere
2067 3303 2101 3362 i,
2121 3308 2153 3352 4

1501 3370 1725 3419 Incauta
1744 3367 1907 3416 verba
1927 3368 2036 3427 xiii,
2057 3367 2120 3416 21
2372 3414 2387 3421 ,

1501 3433 1720 3482 Incaute
1738 3446 1794 3479 se
1812 3431 1949 3480 hosti
1963 3429 2150 3481 offerre
2173 3431 2228 3481 H
2251 3430 2307 3494 ii,
2328 3435 2391 3481 14

1501 3497 1708 3546 Iucauti
1729 3497 1766 3622 i),
1787 3500 1870 3546 68.
1912 3496 2032 3559 xiv,
2053 3500 2117 3545 32
2167 3496 2246 3562 (H
2283 3497 2321 3560 i,
2340 3500 2423 3560 21,
2461 3499 2544 3547 35.

1566 3561 1642 3621 iii,
1664 3564 1727 3608 23

1501 3624 1768 3735 Ιιιῖεἰιιιιὶοι·
1796 3623 2072 3686 decipitur,
2108 3624 2280 3686 palam
2314 3622 2551 3673 laudatus

1652 3688 1688 3748 i,
1708 3691 1773 3736 64
2489 3713 2495 3719 -

1503 3746 1853 3799 Incautiorem
1877 3750 2127 3800 Voculam
2154 3750 2208 3799 H
2230 3749 2305 3810 iv,
2324 3753 2390 3797 56

1503 3814 1769 3863 Incautius
1792 3816 1829 3876 i,
1848 3819 1911 3862 74
1947 3816 2255 3876 populantes
2270 3813 2365 3875 xii,
2382 3816 2453 3860 39

1403 3928 1416 3933 ,
1504 3878 1722 3929 Incauto
1742 3878 1879 3927 hosti
1909 3880 1961 3926 H
1989 3893 2036 3939 v,
2054 3882 2116 3926 18

1505 3941 1754 3990 Incautos
1778 3941 1823 3988 A
1849 3946 1910 3988 37
1946 3942 2186 3990 barbaros
2207 3939 2398 3996 xiii,36
2464 3982 2471 3987 .

1506 4005 1855 4064 Incautum'ii,
1872 4008 1952 4052 65.
2003 4005 2077 4062 ἰν,
2105 4009 2153 4051 1.
2187 4003 2262 4062 xi,
2288 4006 2370 4063 10,
2392 4005 2457 4050 26
2503 3998 2558 4051 Η

1571 4070 1646 4133 ἰίἰ,
1664 4074 1730 4118 79
1760 4082 1943 4129 agmen
1968 4068 2020 4114 H
2043 4068 2111 4127 iv,
2132 4071 2196 4113 60
2230 4076 2402 4115 amore
2440 4064 2553 4126 xiii,

1571 4137 1636 4182 46
1678 4131 1910 4180 hostibus
1932 4131 2034 4178 iter
2053 4128 2225 4241 §quod
2258 4140 2359 4176 non
2391 4135 2561 4178 custo-

1573 4193 1745 4259 diant)
1768 4195 1802 4255 i,
1818 4197 1883 4243 50
1916 4192 2050 4242 offen
2090 4206 2177 4242 ere
2197 4207 2286 4256 xv,
2301 4196 2339 4240 4
2378 4191 2563 4255 opprie

1572 4273 1718 4311 mere
1739 4258 1912 4324 xii,44
1947 4263 2278 4324 prosternere
2294 4271 2382 4320 xv,
2400 4259 2467 4305 53
