3050 4934
526 416 810 485 ccccxiv

589 575 807 639 Augusti
823 575 874 624 in
893 573 1117 624 ludibria
1138 572 1205 633 vi,
1222 575 1289 622 46
1353 578 1504 636 parta
1524 572 1577 621 in

590 642 866 705 perniciem
890 640 943 688 H
967 640 1039 700 iii,
1058 644 1090 687 6
1143 638 1398 702 pernicies
1419 638 1471 685 in
1495 652 1578 686 ac-

586 714 876 754 cusatorem
909 705 978 765 xi,
1000 708 1061 750 3⁷
1123 717 1335 765 regnum
1375 703 1426 749 in
1458 717 1577 764 pro-

585 770 802 819 vinciam
823 769 876 817 H
897 769 968 827 iii,
997 773 1060 816 47
1118 767 1316 815 saevitia
1338 767 1391 813 in
1412 767 1577 814 avari-

589 836 715 882 tiam
739 834 790 882 H
813 833 881 894 iv,
903 838 928 880 1
987 847 1086 879 vox
1108 833 1158 879 in
1182 823 1484 894 praesagium
1506 831 1579 893 xi,

586 903 647 947 31
707 899 770 945 ad
817 897 1132 946 Artabanum
1173 903 1375 956 vertere
1414 896 1481 954 vi,
1511 899 1575 944 43

588 962 653 1010 ad
677 963 906 1010 Rhenum
931 962 963 1021 i,
982 966 1045 1008 56
1102 965 1314 1008 vertunt
1335 960 1434 1007 alio
1457 961 1491 1020 i,
1513 964 1576 1008 18

586 1028 627 1074 si
646 1026 745 1074 huc
769 1033 1029 1074 verterent
1054 1026 1141 1085 xii,
1158 1030 1219 1072 35
1290 1025 1333 1072 si
1359 1038 1440 1072 res
1466 1039 1579 1070 ver·

587 1097 758 1139 terent
775 1092 845 1148 xi,
863 1095 927 1138 28
965 1095 1170 1137 vertere
1188 1088 1262 1137 illi
1279 1088 1344 1136 ad
1360 1089 1577 1150 gloriam

553 1155 776 1214 ,xiii,32
816 1153 1249 1210 inlaudemiv‚3l
1293 1151 1578 1201 inludibria

580 1219 673 1277 xii,
687 1223 753 1267 26
788 1219 921 1281 quod
942 1228 1046 1265 tum
1061 1219 1112 1264 in
1131 1232 1321 1264 morem
1345 1224 1577 1264 verterat

583 1280 637 1331 Η
658 1283 728 1343 iv,
747 1288 808 1331 27
871 1283 994 1344 ipsis
1028 1283 1078 1329 in
1115 1282 1394 1343 perniciem
1427 1280 1481 1340 ii,
1510 1285 1575 1328 20

581 1348 741 1395 vertit
765 1347 814 1394 in
838 1348 1078 1394 Sabinum
1105 1349 1170 1406 iv,
1191 1350 1254 1393 70
1300 1344 1433 1408 (res)
1457 1360 1578 1393 con·

581 1416 664 1459 tra
686 1412 843 1459 vertit
861 1410 1200 1472 (contrarium
1224 1417 1465 1457 eventum
1488 1409 1578 1457 ha-

578 1473 692 1534 bet)
712 1477 819 1533 xiv,
842 1479 902 1522 31
951 1484 1165 1537 repente
1188 1475 1223 1535 i,
1246 1478 1307 1521 63
1365 1479 1575 1522 vertens

578 1541 902 1587 occasionem
926 1538 990 1585 ad
1015 1540 1198 1586 bonum
1234 1538 1377 1599 publ.
1400 1552 1489 1599 xv,
1508 1542 1574 1586 20

579 1602 645 1651 ad
700 1604 992 1665 superbiam
1029 1602 1138 1661 xiii,
1179 1606 1243 1650 46
1311 1606 1574 1650 vertentes

579 1673 729 1728 terga
763 1668 814 1715 H
839 1668 894 1728 ii,
927 1672 989 1716 25
1054 1667 1106 1715 in
1132 1667 1438 1726 sapientiam
1462 1681 1574 1714 ver-

578 1731 754 1788 tenda,
778 1747 891 1794 quae
917 1732 951 1790 i,
973 1735 1035 1779 28
1080 1730 1212 1778 verti
1234 1727 1472 1793 (mutari)
1500 1731 1571 1790 iv,

533 1799 538 1808 ‘
577 1795 608 1844 7
664 1797 862 1845 scelere
887 1803 942 1843 et
966 1795 1186 1858 pecunia
1206 1794 1298 1854 xii,
1317 1798 1379 1842 45
1448 1795 1571 1842 civi-

580 1863 742 1909 tatem
763 1858 978 1922 (everti)
993 1859 1069 1919 iii,
1083 1863 1147 1908 54
1193 1858 1415 1906 vertitur
1428 1859 1570 1907 colu-

577 1934 716 1985 men,
740 1927 837 1971 διο.
864 1924 915 1970 in
939 1924 1094 1971 Italia
1120 1923 1171 1970 H
1192 1922 1245 1982 ii,
1265 1927 1332 1969 28
1391 1922 1571 1982 ,discri-

579 2002 697 2036 men
713 1988 766 2034 in
789 2002 853 2035 eo
877 1988 1008 2035 verti
1027 1988 1173 2045 xi‚28
1204 1983 1390 2033 famam
1413 1986 1571 2034 caedis

575 2050 629 2100 in
651 2050 852 2116 (quem)
875 2051 910 2113 i,
929 2055 992 2099 53
1055 2049 1282 2111 flumina,
1309 2051 1451 2097 lacus
1471 2050 1571 2114 (di-

481 2142 499 2161 .
576 2118 734 2178 verti,
760 2117 857 2165 alio
877 2113 1034 2178 verti)
1056 2115 1093 2175 i,
1109 2118 1174 2163 79
1211 2115 1266 2161 in
1287 2115 1570 2176 perniciem

575 2179 613 2240 i,
636 2184 699 2229 73
761 2180 899 2229 salus
932 2180 984 2228 in
1024 2175 1297 2228 discrimen
1333 2178 1384 2227 H
1415 2178 1483 2238 iv,
1505 2183 1568 2226 85

575 2257 773 2292 summa
792 2258 844 2304 v,
863 2248 896 2290 4
939 2245 1080 2291 vices
1101 2245 1174 2303 iii,
1197 2249 1258 2290 55
1283 2227 1482 2304 Qquid)
1503 2243 1571 2291 ad

578 2307 747 2357 omnia
767 2322 855 2368 xv,
876 2310 939 2357 74
1001 2307 1068 2355 ad
1104 2308 1451 2369 securitatem,
1485 2320 1573 2356 oc·

574 2371 833 2420 casiouem
863 2370 914 2420 A
946 2375 1008 2419 18
1070 2372 1136 2420 ad
1168 2371 1438 2433 segnitiem
1466 2371 1573 2432 xvi,

574 2437 640 2485 27
681 2436 734 2483 in
749 2436 968 2484 exitium
983 2435 1172 2500 (exitio
1188 2434 1327 2498 esse)
1349 2434 1402 2482 H
1417 2435 1490 2495 iii,
1507 2440 1573 2485 86

529 2501 538 2510 ’
573 2501 628 2549 in
669 2498 840 2562 fugam
864 2499 945 2563 (H
966 2500 1023 2561 ii,
1043 2504 1126 2549 26.
1160 2501 1229 2560 iv,
1247 2499 1335 2562 37)
1370 2499 1419 2546 iu
1444 2499 1571 2547 ludi-

572 2563 741 2614 Brium
764 2580 850 2624 xv,
872 2567 935 2613 19
993 2564 1049 2612 ἰιι
1071 2562 1358 2627 prodigium
1379 2563 1430 2610 H
1453 2563 1488 2625 i,
1505 2568 1570 2612 86

571 2628 623 2678 in
637 2635 951 2678 vetustatem
966 2628 1335 2677 consuetudine
1351 2628 1402 2676 H
1418 2628 1487 2685 iv,
1503 2633 1566 2676 65

571 2708 752 2742 versus
775 2699 940 2741 status
962 2693 999 2755 i,
1017 2697 1048 2741 4
1093 2692 1158 2741 ad
1178 2694 1373 2753 legatos
1397 2692 1483 2751 xii,
1503 2697 1564 2740 ll

569 2756 638 2806 ad
677 2772 887 2805 uxorem
923 2757 976 2817 ii,
1007 2761 1070 2806 72
1131 2758 1183 2804 in
1222 2756 1566 2805 Occidentem

571 2821 781 2869 Rhenus
806 2822 855 2870 G
880 2826 906 2870 1
966 2822 1016 2868 in
1053 2821 1411 2883 poenitentiam
1433 2821 1487 2868 H
1511 2822 1567 2882 ii,

567 2887 632 2933 63
669 2897 822 2933 versa
840 2882 905 2932 ad
926 2885 1113 2932 bellum
1134 2890 1261 2932 astas
1278 2885 1438 2933 omnis
1454 2885 1563 2945 xiv,

569 2950 634 2996 88
695 2948 849 2995 alain
884 2962 972 2995 nos
1008 2947 1060 2995 Η
1083 2949 1149 3006 iv,
1173 2952 1233 2995 18
1288 2948 1471 2996 civitas
1496 2964 1564 2997 ex

525 3063 526 3066 ,
572 3026 633 3061 eo
656 3012 749 3074 xii,
769 3015 800 3061 7
845 3010 1052 3061 fortuna
1071 3011 1153 3075 (H
1189 3011 1245 3073 ii,
1267 3016 1349 3060 54.
1383 3012 1456 3073 iii,
1479 3018 1561 3062 16.

571 3091 623 3137 v,
643 3075 733 3139 21)
792 3083 872 3125 est
894 3075 1018 3125 fort.
1041 3091 1091 3138 v,
1105 3080 1137 3124 6
1191 3077 1471 3124 Messalina
1486 3075 1560 3125 fa-

568 3141 770 3190 cilitate
788 3141 840 3189 in
863 3139 1125 3189 fastidium
1143 3141 1213 3202 xi,
1234 3145 1299 3188 26
1360 3141 1561 3189 soboles

517 3206 526 3214 '
568 3205 831 3254 Caesarum
871 3203 1102 3270 (eversa)
1144 3205 1198 3266 ii,
1230 3210 1294 3253 42
1357 3219 1561 3253 versum

566 3276 955 3331 cognomentum
1011 3269 1068 3329 ii,
1102 3273 1133 3316 6
1209 3268 1473 3317 consilium
1507 3270 1559 3317 in

563 3332 836 3396 ipsosA37
858 3334 960 3382 iter
976 3333 1204 3395 (Hii368.
1221 3333 1291 3393 iv,
1308 3332 1396 3395 57)
1420 3348 1560 3382 mare

566 3398 619 3446 in
643 3396 851 3446 Italiam
880 3398 933 3445 H
958 3397 1011 3455 ii,
1027 3401 1090 3445 83
1156 3411 1338 3444 nomen
1362 3398 1414 3445 H
1437 3398 1472 3459 i,
1493 3402 1556 3446 77

519 3515 524 3518 v
604 3461 766 3509 ondus
793 3461 845 3509 H
863 3462 932 3523 iv,
953 3466 1016 3509 30
1056 3462 1191 3509 versi
1216 3477 1364 3523 casus
1388 3477 1474 3522 xv,
1492 3467 1558 3511 29

588 3539 732 3575 asces
759 3526 834 3587 iii,
857 3530 887 3574 2
955 3525 1186 3588 Helxgetii
1218 3526 1268 3574 in
1303 3526 1556 3588 legionem

565 3590 621 3640 H
644 3591 681 3649 i,
703 3593 765 3639 67
806 3589 993 3638 milites
1014 3589 1079 3638 ad
1102 3590 1401 3652 Verginium
1425 3591 1477 3638 H
1502 3591 1558 3653 ii,

515 3653 522 3664 ’
563 3657 625 3704 51
691 3654 897 3731 quidam
930 3654 1050 3703 illue
1073 3654 1144 3714 xi,
1175 3657 1207 3701 9
1264 3653 1328 3702 ad
1373 3656 1556 3703 coelum

563 3718 688 3770 deos
704 3719 819 3779 1ii,4
843 3719 905 3768 ad
922 3718 1318 3782 oppugnandum
1338 3719 1555 3767 Romani

562 3781 617 3835 H
637 3799 689 3845 V,
715 3788 773 3833 11
817 3784 868 3831 in
891 3784 1300 3846 desperationem
1324 3783 1374 3831 H
1396 3784 1469 3844 iii,
1489 3789 1555 3833 62

562 3850 616 3898 in
627 3847 802 3911 fugam
824 3848 863 3895 A
882 3850 943 3897 37
972 3848 1024 3895 in
1034 3848 1233 3897 hostem
1252 3847 1393 3910 Hiii,
1407 3853 1470 3897 84
1499 3849 1554 3896 ἰη

563 3913 797 3964 laetitiam
826 3913 878 3961 H
902 3913 957 3972 ii,
976 3917 1041 3960 29
1095 3913 1145 3960 in
1178 3913 1354 3960 luxum
1395 3913 1466 3972 iv,
1488 3917 1554 3962 48

561 3993 727 4027 versae
765 3984 905 4026 artes
937 3976 1049 4038 xiii,
1075 3980 1134 4025 13
1180 3976 1343 4039 copiae
1373 3976 1427 4025 in
1452 3978 1555 4026 iter

516 4028 525 4098 ᾗ
560 4041 617 4090 Η
637 4042 692 4103 ii,
714 4046 777 4092 14
824 4044 874 4091 le
911 4041 1052 4089 'ones
1091 4037 1366 4089 adbellum
1406 4041 1459 4090 H
1497 4042 1553 4103 ii,

559 4108 624 4153 82
682 4103 827 4169 leges
885 4106 1093 4155 unditus
1126 4102 1372 4168 (eversae)
1394 4105 1469 4170 iii,
1488 4110 1553 4156 36

557 4174 755 4218 mentes
784 4171 907 4222 illuc
929 4170 982 4221 Η
1005 4169 1077 4232 ἰίἰ,
1098 4174 1161 4219 38
1216 4170 1370 4218 minae
1392 4171 1446 4220 in
1480 4172 1556 4220 lu-

556 4231 776 4283 dibrium
799 4234 848 4284 G
873 4238 936 4284 37
997 4249 1179 4309 preces
1203 4233 1268 4282 ad
1290 4234 1404 4284 Tib.
1427 4235 1465 4298 i,
1488 4240 1550 4284 11

556 4295 834 4360 provinciae
854 4296 909 4348 in
930 4295 1201 4347 Orientem
1224 4297 1277 4347 H
1299 4298 1339 4363 i,
1358 4301 1427 4349 76
1468 4311 1554 4349 res

1502 429 1746 481 INDEX

1716 571 1973 622 Artabani
1995 571 2066 633 vi,
2084 574 2150 621 36
2174 584 2325 620 versa
2340 584 2480 619 arma
2500 570 2554 619 in
2576 568 2625 620 A
2648 569 2711 620 12

1716 644 1898 686 contra
1918 636 1952 694 i,
1974 640 2039 685 10
2083 643 2270 684 cuncta
2304 636 2358 684 in
2396 637 2711 685 contrarium

1716 702 1774 763 ii,
1791 707 1856 750 69
1879 703 1934 750 in
1956 699 2186 750 deterius
2206 700 2314 760 xiii,
2336 704 2400 748 43

1651 766 1851 814 Vertex
1888 765 2097 829 Alpium
2134 765 2184 814 G
2207 770 2234 813 1
2299 761 2537 827 (capitis)
2573 764 2711 813 Gss

1715 831 1901 893 capillo
1924 830 2089 878 nudus
2109 829 2180 890 iv,
2201 834 2264 878 57
2311 829 2533 878 vertices
2571 842 2713 877 mon·

1715 895 1844 942 tium
1867 894 1917 942 G
1939 900 2002 943 43

1649 958 1996 1007 Verulamium
2019 957 2221 1008 Britan.
2243 970 2367 1019 opp.
2388 957 2495 1019 xiv,
2516 960 2582 1005 33

1650 1024 1914 1071 Verulana
1935 1023 2165 1072 Gracilia
2188 1021 2239 1069 H
2263 1022 2336 1080 iii,
2356 1025 2425 1070 69

1648 1088 1935 1135 Verulanus
1973 1089 2194 1136 Severus
2233 1087 2391 1148 legat.
2416 1085 2521 1147 xiv,
2548 1089 2613 1134 26
2653 1085 2708 1134 in

1714 1152 1993 1200 subsidium
2015 1151 2221 1213 Tigrani
2246 1149 2471 1198 mittitur
2491 1165 2578 1214 xv,
2600 1154 2630 1198 3

1650 1215 1816 1263 Verus
1841 1216 2030 1265 Atilius
2051 1217 2104 1265 H
2128 1216 2201 1275 iii,
2221 1218 2285 1262 22

1649 1280 1817 1327 Verus
1840 1282 2034 1328 animus
2055 1276 2335 1342 (sincerus)
2355 1278 2465 1340 xiv,
2492 1281 2519 1326 1
2545 1292 2709 1329 annus

1715 1344 1763 1393 Ο
1789 1350 1852 1392 16
1896 1360 2017 1393 vera
2040 1342 2310 1408 progenies
2332 1343 2439 1401 xiv,
2461 1346 2522 1390 61
2577 1341 2708 1391 fides

1714 1407 1860 1469 Hiii,
1878 1413 1940 1457 61
1988 1409 2096 1456 veri
2133 1408 2337 1470 copiam
2373 1405 2546 1455 facere
2566 1407 2708 1473 (mis-

1714 1474 1782 1521 sis
1805 1470 2128 1534 ambagibus)
2150 1473 2224 1534 xi,
2244 1475 2308 1520 34
2365 1470 2584 1535 falsique
2604 1470 2708 1520 dis·

1713 1538 1907 1586 crimen
1932 1538 1985 1586 H
2005 1537 2059 1595 ii,
2080 1541 2145 1586 90
2198 1550 2344 1584 error
2364 1536 2418 1583 H
2441 1535 2495 1596 ii,
2511 1539 2575 1583 72
2627 1536 2710 1585 in-

1713 1601 1981 1664 diligentia
2018 1602 2070 1650 H
2094 1603 2163 1661 iv,
2181 1605 2247 1650 49
2299 1598 2474 1662 inopia
2511 1599 2565 1648 H
2585 1599 2623 1662 i,
2642 1604 2706 1649 35

1711 1667 2112 1728 patientissimus
2138 1664 2187 1714 Ο
2210 1668 2242 1712 8
2307 1678 2480 1713 verum
2505 1666 2707 1728 aperire

1711 1730 1821 1789 xiii,
1860 1735 1925 1780 44
1969 1770 1977 1777 .
2007 1729 2182 1779 dicere
2224 1728 2274 1777 Ο
2315 1732 2396 1787 18,
2436 1731 2500 1776 28
2580 1743 2707 1778 vero

1709 1795 1934 1843 atrocius
1971 1794 2149 1859 (quam
2173 1798 2231 1841 ut
2250 1791 2433 1841 haberi
2464 1807 2560 1854 pro
2582 1807 2707 1842 vero

1709 1857 1899 1921 possit)
1919 1859 1989 1919 iv,
2011 1862 2074 1907 21
2129 1858 2328 1920 majora
2348 1857 2403 1905 H
2426 1856 2481 1914 i'r,
2503 1863 2568 1907 70
2615 1857 2705 1907 de-

1708 1938 1846 1971 mere
1870 1922 1945 1984 iii,
1969 1926 2032 1970 47
2054 1920 2209 1970 fidem
2231 1922 2303 1983 iv,
2325 1926 2359 1970 9
2383 1935 2509 1969 vera
2531 1927 2709 1983 tegun-

1710 1993 1793 2036 tur
1815 1986 2043 2035 obscuris
2064 1986 2134 2045 iv,
2153 1990 2218 2033 58
2250 1986 2372 2048 quia
2393 2000 2519 2033 vera
2539 1996 2714 2048 erant,

1709 2051 1851 2099 dicta
1872 2051 2215 2099 credebantur
2236 2049 2272 2106 i,
2294 2054 2357 2098 74
2402 2049 2542 2098 veris
2564 2056 2707 2100 ante-

1708 2116 1900 2163 habere
1944 2114 2271 2163 incredibilia
2314 2113 2382 2174 iv,
2425 2117 2485 2163 11
2564 2130 2705 2179 vera,

1708 2178 1843 2228 falsa
1874 2178 2090 2228 miscere
2115 2179 2168 2227 H
2188 2179 2243 2239 ii,
2261 2182 2327 2226 70
2381 2192 2507 2226 vera
2538 2179 2704 2229 inten-

1709 2243 1833 2291 dere
1856 2243 1909 2305 ii,
1927 2248 1991 2291 57
2014 2242 2291 2302 narraturi,
2320 2242 2441 2306 quia
2464 2243 2706 2293 vetaban-

1707 2311 1811 2368 tur,
1834 2307 2091 2356 atrociora
2111 2308 2447 2369 vulgaverant
2470 2307 2525 2355 H
2544 2308 2618 2367 iii,
2638 2314 2703 2359 54

1708 2371 1773 2420 ad
1798 2387 1922 2421 vera
1942 2371 2130 2420 mutari
2148 2371 2200 2419 H
2221 2386 2271 2430 v,
2289 2374 2350 2418 13
2386 2385 2561 2419 verum
2581 2372 2704 2437 (pro

1708 2435 1880 2499 aequo)
1913 2437 1965 2485 H
1989 2435 2044 2497 ii,
2069 2440 2131 2485 84
2182 2434 2350 2483 verius
2370 2434 2611 2500 (aequius)
2630 2439 2707 2501 iv,

1707 2505 1770 2549 57
1816 2501 2080 2550 verissime
2101 2500 2154 2548 H
2179 2500 2248 2560 iv,
2266 2503 2333 2548 48

1642 2565 1814 2625 Vesci,
1857 2563 2170 2628 (convivari)
2211 2564 2285 2624 iv,
2329 2568 2396 2611 59
2460 2565 2702 2615 sedentes

1706 2629 1815 2688 xiii,
1856 2633 1916 2676 16
1961 2629 2109 2676 simul
2142 2628 2178 2687 i,
2209 2632 2276 2676 49
2339 2629 2478 2676 vesci
2508 2628 2701 2694 (come-

1705 2691 1855 2755 dere)
1876 2700 2016 2742 sorte
2037 2693 2218 2741 ductos
2242 2691 2289 2741 A
2311 2695 2375 2741 28
2704 2707 2725 2716 ”

1639 2758 1975 2806 Vescularius
2035 2757 2248 2805 Flaccus
2300 2757 2356 2819 ii,
2406 2760 2472 2805 28
2558 2758 2698 2809 idem

1701 2823 1857 2871 Vesc.
1880 2821 2091 2870 Atticus
2114 2828 2327 2869 vocatur
2348 2821 2417 2883 vi,
2438 2826 2502 2871 10
2545 2837 2698 2874 aeca-

1701 2891 1786 2933 tur
1807 2887 1858 2934 vi
1896 2891 1958 2934 10

1636 2921 1983 3012 Vespasianus
2003 2949 2211 2997 flavius
2234 2948 2285 2998 A
2306 2955 2339 3000 9
2371 2949 2451 3026 (et
2472 2951 2697 3017 undique

1701 3021 1797 3076 per
1819 3014 1986 3075 Hist.)
2029 3013 2219 3062 bellum
2240 3014 2516 3064 Judaicum
2537 3015 2697 3066 adrni-

1700 3079 1886 3127 nistrat
1911 3079 1962 3126 H
1987 3078 2024 3139 i,
2048 3082 2111 3126 10
2171 3080 2308 3127 solus
2329 3081 2620 3142 principum
2642 3081 2699 3134 iu

1700 3144 1878 3191 melius
1915 3149 2140 3206 mutatus
2177 3143 2232 3192 H
2269 3144 2307 3205 i,
2344 3148 2409 3192 50
2471 3145 2698 3206 legiones

1699 3214 2021 3256 sacramento
2059 3207 2277 3257 Othonis
2310 3207 2478 3270 adigit
2497 3208 2552 3256 H
2574 3209 2610 3270 i,
2631 3213 2696 3259 76

1699 3271 1911 3319 consilia
1932 3285 2051 3320 cum
2083 3273 2327 3321 Muciano
2366 3272 2549 3320 miscet
2569 3273 2626 3321 H
2641 3273 2697 3337 ii,

1698 3337 1729 3382 7
1787 3334 1878 3399 (de
1913 3335 2131 3399 imperio
2163 3336 2464 3399 recipiendo
2500 3336 2694 3387 delibe-

1699 3397 1805 3462 rat)
1843 3399 1896 3447 H
1930 3400 1984 3461 ii,
2006 3403 2069 3447 74
2119 3400 2398 3462 imperator
2436 3401 2697 3451 salutatur

1699 3462 1753 3509 H
1776 3464 1830 3525 ii,
1851 3468 1915 3512 80
1957 3464 2323 3513 Alexandriam
2347 3466 2521 3527 pergit
2545 3465 2602 3515 H
2621 3466 2696 3529 iii,

1694 3531 1760 3575 48
1812 3528 1936 3578 Jud.
1972 3528 2108 3576 bello
2130 3529 2302 3578 Titum
2339 3531 2603 3592 praeponit
2636 3530 2692 3580 H

1693 3591 1749 3653 ii,
1769 3596 1832 3641 82
1868 3592 1923 3640 Η
1945 3606 1995 3654 ν,
2016 3600 2045 3642 5
2105 3592 2250 3657 olim)
2272 3594 2488 3657 legionis
2508 3607 2691 3644 secun-

1698 3656 1776 3704 dae
1816 3657 2014 3719 legatus
2151 3657 2226 3718 iii,
2257 3661 2322 3707 44
2386 3659 2441 3706 in
2481 3659 2690 3722 privata

1694 3718 1903 3770 fortuna
1939 3720 2102 3771 fratre
2139 3722 2305 3770 minor
2333 3722 2386 3771 H
2409 3722 2566 3785 iii‚66
2607 3735 2689 3773 se·

1692 3798 1795 3833 nex
1838 3786 2159 3849 triumphalis
2201 3786 2254 3835 H
2296 3787 2369 3849 iv,
2411 3789 2444 3835 8
2497 3788 2689 3850 iterum

1693 3863 1797 3899 cos.
1820 3851 1873 3898 H
1897 3850 1965 3912 ἰν,
1986 3854 2050 3899 38
2094 3857 2317 3913 aegrotos
2350 3856 2501 3900 sanat
2537 3852 2593 3901 H
2615 3852 2689 3913 ir,

1693 3917 1755 3963 81
1795 3928 1997 3963 omnem
2035 3915 2270 3967 Judaeam
2312 3921 2535 3979 occupat
2558 3915 2615 3965 H
2636 3931 2689 3978 v,

1694 3982 1755 4026 10
1800 3993 1831 4027 a
1854 3979 2065 4030 Claudio
2088 3981 2140 4027 in
2162 3987 2365 4044 partem
2402 3993 2574 4029 rerum
2609 3994 2685 4029 as-

1692 4048 1888 4092 sumtus
1913 4042 1955 4091 A
1985 4048 2045 4093 13
2086 4044 2407 4094 Britanniam
2428 4045 2533 4094 reci
2571 4049 2684 4095 erat

1690 4106 1741 4156 A
1785 4111 1848 4156 17
1896 4107 2105 4173 poetam
2141 4110 2301 4159 donat
2344 4109 2393 4159 Ο
2439 4114 2472 4159 9
2548 4106 2686 4173 ejus)

1691 4173 2009 4236 parcimonia
2039 4172 2114 4237 iii,
2151 4179 2213 4223 55
2273 4174 2554 4239 pericnlum
2595 4187 2683 4222 ca-

1688 4243 1850 4287 nente
1872 4238 2085 4287 Nerone
2105 4239 2211 4298 xvi,
2230 4244 2263 4287 5
2304 4238 2473 4288 mores
2493 4236 2549 4287 H
2569 4238 2625 4299 ii,
2644 4242 2678 4287 5
2773 4242 2777 4246 “

1687 4301 1878 4352 milites
1909 4316 2047 4352 cum·
2064 4302 2247 4354 edictis
2280 4300 2449 4369 (ejas)
2490 4301 2679 4367 depre-
